@inproceedings{perotti2020hw,
  title={HW/SW approaches for RISC-V code size reduction},
  author={Perotti, Matteo and Schiavone, Pasquale D and Tagliavini, Giuseppe and Rossi, Davide and Kurd, Tariq and Hill, Mark and Yingying, Liu and Benini, Luca},
  booktitle={Workshop on Computer Architecture Research with RISC-V (CARRV 2020)},
  year={2020}
}
@inproceedings{math2011data,
  title={Data transactions on system-on-chip bus using AXI4 protocol},
  author={Math, Shaila S and Manjula, RB and Manvi, SS and Kaunds, Paul},
  booktitle={2011 International Conference on Recent Advancements in Electrical, Electronics and Control Engineering},
  pages={423--427},
  year={2011},
  organization={IEEE}
}
@manual{arm2011axi,
  title={AMBA AXI and ACE Protocol Specification},
  year={2011},
  publisher={ARM}
}
@inproceedings{jun2017hbm,
  title={Hbm (high bandwidth memory) dram technology and architecture},
  author={Jun, Hongshin and Cho, Jinhee and Lee, Kangseol and Son, Ho-Young and Kim, Kwiwook and Jin, Hanho and Kim, Keith},
  booktitle={2017 IEEE International Memory Workshop (IMW)},
  pages={1--4},
  year={2017},
  organization={IEEE}
}
@book{jacob2010memory,
  title={Memory systems: cache, DRAM, disk},
  author={Jacob, Bruce and Wang, David and Ng, Spencer},
  year={2010},
  publisher={Morgan Kaufmann}
}
@manual{arm2021apb,
  title={AMBA APB Protocol Specification},
  year={2021},
  publisher={ARM}
}
@manual{alveo2021datasheet,
  title={Alveo U280 Data Center Accelerator Card Data Sheet},
  year={2021},
  publisher={Xilinx}
}
@manual{alveo2021getstarted,
  title={Getting Started with Alveo Data Center Accelerator Cards},
  year={2021},
  publisher={Xilinx}
}
@book{thomas2008verilog,
  title={The Verilog{\textregistered} hardware description language},
  author={Thomas, Donald and Moorby, Philip},
  year={2008},
  publisher={Springer Science \& Business Media}
}
@online{verilator_website,
  title={Verilator},
  url={https://www.veripool.org/verilator}
}
@article{snyder2013verilator,
  title={Verilator: Open simulation-growing up},
  author={Snyder, Wilson},
  journal={DVClub Bristol},
  year={2013}
}
@article{snyder2017verilator,
  title={Verilator: Speedy reference models, direct from RTL},
  author={Snyder, Wilson},
  journal={Presentation to University of Massachusetts Amherst},
  year={2017}
}
@online{python_tutorial,
  title={The Python Tutorial},
  url={https://docs/python.org/3/tutorial/index.html}
}
@article{binkert2011gem5,
  title={The gem5 simulator},
  author={Binkert, Nathan and Beckmann, Bradford and Black, Gabriel and Reinhardt, Steven K and Saidi, Ali and Basu, Arkaprava and Hestness, Joel and Hower, Derek R and Krishna, Tushar and Sardashti, Somayeh and others},
  journal={ACM SIGARCH computer architecture news},
  volume={39},
  number={2},
  pages={1--7},
  year={2011},
  publisher={ACM New York, NY, USA}
}
@online{cocotb_doc,
  title={Welcome to cocotb's documentation!},
  url={https://docs.cocotb.org/en/stable/}
}
@online{intro_amba_axi,
  title={An introduction to AMBA AXI},
  publisher={ARM},
  url={https://developer.arm.com/documentation/102202/latest/}
}
