@article{rossi2017energy,
  title={Energy-efficient near-threshold parallel computing: The PULPv2 cluster},
  author={Rossi, Davide and Pullini, Antonio and Loi, Igor and Gautschi, Michael and G{\"u}rkaynak, Frank Ka{\u{g}}an and Teman, Adam and Constantin, Jeremy and Burg, Andreas and Miro-Panades, Ivan and Beign{\`e}, Edith and others},
  journal={Ieee Micro},
  volume={37},
  number={5},
  pages={20--31},
  year={2017},
  publisher={IEEE}
}
@inproceedings{kamaleldin2019modular,
  title={Modular memory system for RISC-V based MPSoCs on Xilinx FPGAs},
  author={Kamaleldin, Ahmed and Ali, Muhammad and Rad, Pedram Amini and Gottschalk, Marcus and G{\"o}hringer, Diana},
  booktitle={2019 IEEE 13th International Symposium on Embedded Multicore/Many-core Systems-on-Chip (MCSoC)},
  pages={68--73},
  year={2019},
  organization={IEEE}
}
@inproceedings{di2019network,
  title={Network-accelerated non-contiguous memory transfers},
  author={Di Girolamo, Salvatore and Taranov, Konstantin and Kurth, Andreas and Schaffner, Michael and Schneider, Timo and Ber{\'a}nek, Jakub and Besta, Maciej and Benini, Luca and Roweth, Duncan and Hoefler, Torsten},
  booktitle={Proceedings of the International Conference for High Performance Computing, Networking, Storage and Analysis},
  pages={1--14},
  year={2019}
}
@inproceedings{balkind2019openpiton+,
  title={OpenPiton+ Ariane: The first open-source, SMP Linux-booting RISC-V system scaling from one to many cores},
  author={Balkind, Jonathan and Lim, Katie and Gao, Fei and Tu, Jinzheng and Wentzlaff, David and Schaffner, Michael and Zaruba, Florian and Benini, Luca},
  booktitle={Workshop on Computer Architecture Research with RISC-V (CARRV)},
  pages={1--6},
  year={2019}
}
@article{devietti2011rcdc,
  title={RCDC: a relaxed consistency deterministic computer},
  author={Devietti, Joseph and Nelson, Jacob and Bergan, Tom and Ceze, Luis and Grossman, Dan},
  journal={ACM SIGARCH Computer Architecture News},
  volume={39},
  number={1},
  pages={67--78},
  year={2011},
  publisher={ACM New York, NY, USA}
}
@article{adve1996shared,
  title={Shared memory consistency models: A tutorial},
  author={Adve, Sarita V and Gharachorloo, Kourosh},
  journal={computer},
  volume={29},
  number={12},
  pages={66--76},
  year={1996},
  publisher={IEEE}
}
@article{adve1999recent,
  title={Recent advances in memory consistency models for hardware shared memory systems},
  author={Adve, Sarita V and Pai, Vijay S and Ranganathan, Parthasarathy},
  journal={Proceedings of the IEEE},
  volume={87},
  number={3},
  pages={445--455},
  year={1999},
  publisher={IEEE}
}
@article{sorin2011primer,
  title={A primer on memory consistency and cache coherence},
  author={Sorin, Daniel J and Hill, Mark D and Wood, David A},
  journal={Synthesis lectures on computer architecture},
  volume={6},
  number={3},
  pages={1--212},
  year={2011},
  publisher={Morgan \& Claypool Publishers}
}
@masterthesis{manycore2013fudan,
  author={张家杰},
  title={多核处理器关键技术研究},
  school={复旦大学},
  year={2013}
}
@article{gs464e2015recent,
  title={龙芯GS464E处理器核架构设计},
  author={吴瑞阳 and 汪文祥 and 王焕东 and 胡伟武},
  journal={中国科学:信息科学},
  volume={45},
  number={04},
  pages={480--500},
  year={2015},
  publisher={中国科学}
}
@article{manycoretime2016recent,
  title={基于共享内存的多核时代数据结构研究},
  author={周维 and 周可人 and 栾钟治 and 姚绍文 and 钱德沛},
  journal={信息学报},
  volume={27},
  number={04},
  pages={1009--1025},
  year={2016},
  publisher={中国计算机学会}
}
