@article{di2020pspin,
  title={PsPIN: A high-performance low-power architecture for flexible in-network compute},
  author={Di Girolamo, Salvatore and Kurth, Andreas and Calotoiu, Alexandru and Benz, Thomas and Schneider, Timo and Ber{\'a}nek, Jakub and Benini, Luca and Hoefler, Torsten},
  journal={arXiv preprint arXiv:2010.03536},
  year={2020}
}
@inproceedings{forencich2020corundum,
  title={Corundum: An open-source 100-gbps nic},
  author={Forencich, Alex and Snoeren, Alex C and Porter, George and Papen, George},
  booktitle={2020 IEEE 28th Annual International Symposium on Field-Programmable Custom Computing Machines (FCCM)},
  pages={38--46},
  year={2020},
  organization={IEEE}
}
